@book{stephan1995schwingungen,
  title={Schwingungen elastischer Kontinua},
  author={Stephan, Wolfgang and Postl, Rudolf},
  year={1995},
  publisher={Springer}
}

@book{wauer2014kontinuumsschwingungen,
	title={Kontinuumsschwingungen},
	author={Wauer, J{\"o}rg},
	year={2014},
	publisher={Springer}
}

@book{schwarz2013methode,
	title={Methode der finiten Elemente: eine Einf{\"u}hrung unter besonderer Ber{\"u}cksichtigung der Rechenpraxis},
	author={Schwarz, Hans-Rudolf},
	volume={47},
	year={1991},
	publisher={Teubner-Verlag}
}